@misc{CNJ2024,
  author       = "{Conselho Nacional de Justiça}",
  title        = "{Relatório de atividades de 2024}",
  year         = "2024",
  address      = "Brasília",
  institution  = "{Conselho Nacional de Justiça}",
  url          = "https://www.cnj.jus.br",
  note         = "Acesso em: 10 set. 2024"
}
